<?xml version="1.0" encoding="UTF-8"?><collection xmlns="http://www.loc.gov/MARC21/slim"><record><leader>00474nam--2200133-i-4500</leader><controlfield tag="001">000014844</controlfield><controlfield tag="002">20161230</controlfield><controlfield tag="005">20161230201031</controlfield><controlfield tag="008">060222s1000------------r-----000-0-eng-d</controlfield><datafield ind1=" " ind2=" " tag="245"><subfield code="a">Brandeis university summer institute in theore tical physics, 1966. statistical physics phase transitions and superfluidity</subfield></datafield><datafield ind1=" " ind2=" " tag="260"><subfield code="a">New York, Gordon And Breach Sci.Publ., 1968</subfield></datafield><datafield ind1=" " ind2=" " tag="490"><subfield code="a">Xi + 325 P</subfield></datafield><datafield ind1=" " ind2=" " tag="700"><subfield code="a">Chretien, M., Gross, E.P.And Deser, D</subfield></datafield><datafield ind1=" " ind2=" " tag="852"><subfield code="a">531.19(075.9):536.4:532.132</subfield></datafield></record></collection>